@article{collins_1942,
  title     = "Papworth and his Ordinary",
  volume    = "22",
  DOI       = "10.1017/S0003581500003668",
  number    = "1",
  journal   = "The Antiquaries Journal",
  publisher = "Cambridge University Press",
  author    = "Collins, S. M.",
  year      = "1942",
  pages     = "6--7",
  note      = "Accessed: January 2018"
}

@book{boutell_1864,
  title     = {\href{https://archive.org/details/heraldryhistoric01bout}{Heraldry, historical and popular}},
  author    = {Boutell, Charles},
  year      = {1864},
  publisher = {London, Bentley},
  edition   = {Third edition},
  pages     = {8--9},
  note      = {Accessed: January 2018}
}

@book{brooke_little_1985,
  title     = {An Heraldic Alphabet},
  author    = {Brooke-Little, J. P.},
  edition   = {New and revised edition},
  pages     = ``52'',
  publisher = {London, Robson Books},
  year      = {1985},
  note      = {Accessed: January 2018}
}

@online{blazon_in_coa,
  title        = {Blazon in \textit{CoA} | The Coat of Arms},
  organization = {The Heraldic Society},
  url          = {http://www.the-coat-of-arms.co.uk/blazon-in-coa/},
  note         = {Accessed: January 2018}
}

@book{scrope_grosvenor,
  title     = {\href{https://archive.org/details/decontroversiai01scrogoog}{The Controversy between Sir Richard Scrope and Sir Robert Grosvenor in the Court of Chivalry}},
  author    = {Nicolas, Sir N. Harris},
  year      = {1832},
  pages     = {404},
  publisher = {London, Bentley},
  note      = {Accessed: January 2018}
}

@online{college_of_arms_faq,
  title = {FAQs: heraldry - College of Arms},
  organization = {College of Arms},
  url = {http://www.college-of-arms.gov.uk/resources/faqs},
  note = {Accessed: January 2018}
}
